@article{wita_founding,
    author = {Neruthes},
    journal = {Weight in the Attention},
    title = {The founding of Weight in the Attention, a journal for the AIGC Zeitgeist},
    year = {2025},
    volume = {08},
    number = {1},
    pages = {3-5},
}
























@article{Liu02012025,
    author = {Ming Liu and Yunqiao Chen},
    title = {Blessing or curse? Recontextualizing `996' in China's overwork
             debate},
    journal = {Critical Discourse Studies},
    volume = {22},
    number = {1},
    pages = {91--107},
    year = {2025},
    publisher = {Routledge},
    doi = {10.1080/17405904.2023.2289448},
    URL = {https://doi.org/10.1080/17405904.2023.2289448},
    eprint = {https://doi.org/10.1080/17405904.2023.2289448},
}


