@online{agibar,
    title = {AGI Bar 知识蒸馏},
    url = {https://agi.bar/},
    year = {2025},
}

@online{tonypengds,
    title = {RedNote Investor on DeepSeek: The Next Android of the AI Era},
    author = {Tony Peng},
    url = {https://recodechinaai.substack.com/p/rednote-investor-on-deepseek-the},
    year = {2025},
}

@ARTICLE{Moore1965,
  author={Moore, G.E.},
  journal={Proceedings of the IEEE}, 
  title={Cramming More Components Onto Integrated Circuits}, 
  year={1998},
  volume={86},
  number={1},
  pages={82-85},
  abstract={},
  keywords={Costs;Integrated circuit reliability;Integrated circuit technology;Space technology;Semiconductor films;Aerospace electronics;Portable computers;Home computing;Telephony;Switches},
  doi={10.1109/JPROC.1998.658762},
  ISSN={1558-2256},
  month={Jan},}
