@online{fortuneindia_qwen3coder_2025,
    author = {{Fortune India}},
    title = {{Qwen3-Coder: Alibaba claims world's most advanced agentic AI model for coding}},
    date = {2025-07-23},
    url = {https://www.fortuneindia.com/technology/qwen3-coder-alibaba-claims-worlds-most-advanced-agentic-ai-model-for-coding/125146},
    urldate = {2025-07-23}
}

@online{qwenlm_qwen3coder_blog_2025,
    author = {{QwenLM Team}},
    title = {{Qwen3-Coder: Agentic Coding in the World}},
    date = {2025-07-23},
    url = {https://qwenlm.github.io/blog/qwen3-coder/},
    urldate = {2025-07-23}
}

@online{svenson_qwen3coder_medium_2025,
    author = {Svenson, Gary},
    title = {{Qwen3-Coder: The New Titan of AI Coding Models Is Here}},
    date = {2025-07},
    url = {https://garysvenson09.medium.com/qwen3-coder-the-new-titan-of-ai-coding-models-is-here-7cfe7bfcbc1e},
    urldate = {2025-07-23}
}

@online{apidog_qwen3coder_2025,
    author = {{Apidog}},
    title = {{Qwen3-Coder is Finally Here and It's Breaking All the Coding Benchmarks}},
    date = {2025-07-23},
    url = {https://apidog.com/blog/qwen3-coder/},
    urldate = {2025-07-23}
}

@online{llmstats_claude_qwen3_2025,
    author = {{LLM Stats}},
    title = {{Claude Sonnet 4 vs Qwen3 32B}},
    date = {2025-07-23},
    url = {https://llm-stats.com/models/compare/claude-sonnet-4-20250514-vs-qwen3-32b},
    urldate = {2025-07-23}
}

@online{entelligence_claude_deepseek_qwen_2025,
    author = {{Entelligence Blog}},
    title = {{Claude 4 vs Deepseek R1 vs Qwen 3}},
    date = {2025-07-23},
    url = {https://www.entelligence.ai/blogs/Claude-4-vs-Deepseek-r1-vs-qwen-3},
    urldate = {2025-07-23}
}

@online{gupta_qwen3coder_medium_2025,
    author = {Gupta, Mehul},
    title = {{Qwen3-Coder : The best Agentic Code AI, beats Kimi-K2}},
    date = {2025-07},
    url = {https://medium.com/data-science-in-your-pocket/qwen3-coder-the-best-agentic-code-ai-beats-kimi-k2-1f8e6472c42b},
    urldate = {2025-07-23}
}

@online{openrouter_qwen3coder_uptime_2025,
    author = {{OpenRouter}},
    title = {{Qwen: Qwen3 Coder â€“ Uptime and Availability}},
    date = {2025-07-23},
    url = {https://openrouter.ai/qwen/qwen3-coder/uptime},
    urldate = {2025-07-23}
}

@online{youtube_qwen3coder_review_2025,
    author = {{YouTube}},
    title = {{Qwen 3 Coder (480B Tested) + Free APIs + Qwen CLI,Cline,Roo: It's a Good Model but It's Kinda Weird.}},
    date = {2025-07-23},
    url = {https://www.youtube.com/watch?v=kztx5VkC2-I},
    urldate = {2025-07-23}
}

@online{ainvest_qwen3coder_2025,
    author = {{AInvest}},
    title = {{Alibaba's Qwen3-Coder Model Sets New Standards in Code Modeling with Advanced Agentic Capabilities}},
    date = {2025-07-23},
    url = {https://www.ainvest.com/news/alibaba-qwen3-coder-model-sets-standards-code-modeling-advanced-agentic-capabilities-2507/},
    urldate = {2025-07-23}
}

@online{github_qwenlm_qwen3coder_2025,
    author = {{QwenLM}},
    title = {{QwenLM/Qwen3-Coder: Qwen3-Coder is the code version of Qwen3, the large language model series developed by Qwen team, Alibaba Cloud.}},
    date = {2025-07-23},
    url = {https://github.com/QwenLM/Qwen3-Coder},
    urldate = {2025-07-23}
}

@online{hackernews_qwen3coder_2025,
    author = {{Hacker News}},
    title = {{Qwen3-Coder: Agentic coding in the world}},
    date = {2025-07-23},
    url = {https://news.ycombinator.com/item?id=44653072},
    urldate = {2025-07-23}
}

@online{reddit_localllama_qwen3coder_1_2025,
    author = {{r/LocalLLaMA}},
    title = {{Qwen3- Coder}},
    date = {2025-07-23},
    url = {https://www.reddit.com/r/LocalLLaMA/comments/1m6mew9/qwen3_coder/},
    urldate = {2025-07-23}
}

@online{reddit_localllama_qwen3coder_2_2025,
    author = {{r/LocalLLaMA}},
    title = {{Qwen/Qwen3-Coder-480B-A35B-Instruct}},
    date = {2025-07-23},
    url = {https://www.reddit.com/r/LocalLLaMA/comments/1m6qc8c/qwenqwen3coder480ba35binstruct/},
    urldate = {2025-07-23}
}

@online{investing_qwen3coder_2025,
    author = {{Investing.com}},
    title = {{Alibaba unveils Qwen3-Coder-480B, its most powerful coding model}},
    date = {2025-07-23},
    url = {https://www.investing.com/news/stock-market-news/alibaba-unveils-qwen3coder480b-its-most-powerful-coding-model-93CH-4147019},
    urldate = {2025-07-23}
}

@online{reddit_localllama_qwen3coder_3_2025,
    author = {{r/LocalLLaMA}},
    title = {{Qwen3-Coder is here!}},
    date = {2025-07-23},
    url = {https://www.reddit.com/r/LocalLLaMA/comments/1m6qdet/qwen3coder_is_here/},
    urldate = {2025-07-23}
}

@online{marktechpost_qwen3coder_2025,
    author = {{MarkTechPost}},
    title = {{Qwen Releases Qwen3-Coder-480B-A35B-Instruct: Its Most Powerful Open Agentic Code Model Yet}},
    date = {2025-07-22},
    url = {https://www.marktechpost.com/2025/07/22/qwen-releases-qwen3-coder-480b-a35b-instruct-its-most-powerful-open-agentic-code-model-yet/},
    urldate = {2025-07-23}
}

@online{youtube_qwen3coder_leading_2025,
    author = {{YouTube}},
    title = {{Qwen Releases Qwen3-Coder-480B-A35B-Instruct: A Leading Open Agentic Code Model}},
    date = {2025-07-23},
    url = {https://www.youtube.com/watch?v=BQFFcEGBlGM},
    urldate = {2025-07-23}
}

@online{willison_qwen3coder_2025,
    author = {Willison, Simon},
    title = {{Qwen3-Coder: Agentic Coding in the World}},
    date = {2025-07-22},
    url = {https://simonwillison.net/2025/Jul/22/qwen3-coder/},
    urldate = {2025-07-23}
}

@online{unsloth_qwen3coder_local_2025,
    author = {{Unsloth Documentation}},
    title = {{Qwen3-Coder: How to Run Locally}},
    date = {2025-07-23},
    url = {https://docs.unsloth.ai/basics/qwen3-coder-how-to-run-locally},
    urldate = {2025-07-23}
}

@online{qwen2_5_1m_techreport_2025,
    author = {{Qwen Team}},
    title = {{Qwen2.5-1M Technical Report}},
    date = {2025-07-23},
    url = {https://qianwen-res.oss-cn-beijing.aliyuncs.com/Qwen2.5-1M/Qwen2_5_1M_Technical_Report.pdf},
    urldate = {2025-07-23}
}

@online{github_qwenlm_qwencode_2025,
    author = {{QwenLM}},
    title = {{QwenLM/qwen-code: qwen-code is a coding agent that lives in digital world.}},
    date = {2025-07-23},
    url = {https://github.com/QwenLM/qwen-code},
    urldate = {2025-07-23}
}

@online{datacamp_qwen3_features_2025,
    author = {{DataCamp}},
    title = {{Qwen 3: Features, DeepSeek-R1 Comparison, Access, and More}},
    date = {2025-07-23},
    url = {https://www.datacamp.com/blog/qwen3},
    urldate = {2025-07-23}
}

@online{swebench_verified_2025,
    author = {{Holistic Agent Leaderboard}},
    title = {{SWE-bench Verified}},
    date = {2025-07-23},
    url = {https://hal.cs.princeton.edu/swebench},
    urldate = {2025-07-23}
}

@online{warp_swebench_2025,
    author = {{Warp}},
    title = {{Warp scores 71\% on SWE-bench Verified}},
    date = {2025-07-23},
    url = {https://www.warp.dev/blog/swe-bench-verified},
    urldate = {2025-07-23}
}

@online{youtube_qwen3_king_2025,
    author = {{YouTube}},
    title = {{Qwen 3 2507: NEW Opensource LLM KING! NEW CODER! Beats Opus 4, Kimi K2, and GPT-4.1 (Fully Tested)}},
    date = {2025-07-23},
    url = {https://www.youtube.com/watch?v=jCUCdtT6llc},
    urldate = {2025-07-23}
}

@online{reddit_localllama_kimi_qwen3coder_2025,
    author = {{r/LocalLLaMA}},
    title = {{Kimi K2 vs Qwen3 Coder 480B}},
    date = {2025-07-23},
    url = {https://www.reddit.com/r/LocalLLaMA/comments/1m6zz1v/kimi_k2_vs_qwen3_coder_480b/},
    urldate = {2025-07-23}
}

@online{reddit_singularity_kimi_qwen3_2025,
    author = {{r/singularity}},
    title = {{Kimi K2 is already irrelevant, and it's only been like 1 week. Qwen has updated Qwen-3-235B, and it outperforms K2 at less than 1/4th the size}},
    date = {2025-07-23},
    url = {https://www.reddit.com/r/singularity/comments/1m5tupt/kimi_k2_is_already_irrelevant_and_its_only_been/},
    urldate = {2025-07-23}
}

@online{reddit_localllama_qwen_benchmarks_2025,
    author = {{r/LocalLLaMA}},
    title = {{Recent Qwen Benchmark Scores are Questionable}},
    date = {2025-07-23},
    url = {https://www.reddit.com/r/LocalLLaMA/comments/1m6wb5o/recent_qwen_benchmark_scores_are_questionable/},
    urldate = {2025-07-23}
}

@online{warp_terminalbench_2025,
    author = {{Warp}},
    title = {{How we scored \#1 on Terminal-Bench (52\%)}},
    date = {2025-07-23},
    url = {https://www.warp.dev/blog/terminal-bench},
    urldate = {2025-07-23}
}

@online{tbench_ai_2025,
    author = {{tbench.ai}},
    title = {{Terminal-Bench}},
    date = {2025-07-23},
    url = {https://www.tbench.ai/},
    urldate = {2025-07-23}
}

@online{github_laude_terminalbench_2025,
    author = {{laude-institute}},
    title = {{laude-institute/terminal-bench: A benchmark for LLMs on complicated tasks in the terminal}},
    date = {2025-07-23},
    url = {https://github.com/laude-institute/terminal-bench},
    urldate = {2025-07-23}
}

@online{tbench_ai_docs_2025,
    author = {{Terminal-Bench}},
    title = {{Introduction}},
    date = {2025-07-23},
    url = {https://www.tbench.ai/docs},
    urldate = {2025-07-23}
}
