@article{example1,
    title = {Attention is All You Need},
    author = {Appleseed, J.},
    journal = {J. Phys.},
    year = {1453},
}
