@misc{olivas2025linkedin,
    author = {Zack Olivas},
    title = {“AI Startups Are Just Wrappers”},
    year = {2025},
    note = {LinkedIn Post},
    url = {
           https://www.linkedin.com/posts/zack-olivas_i-keep-seeing-that-ai-startups-are-all-chatgpt-activity-7254229614699450369-QuZm
           },
}

@misc{goldie2025manus,
    author = {Julian Goldie},
    title = {Why Manus AI Is Making Me Rethink My Entire Business Model},
    year = {2025},
    note = {Medium},
    url = {
           https://medium.com/@julian.goldie/why-manus-ai-is-making-me-rethink-my-entire-business-model-and-you-should-too-c3a21be61fc6
           },
}

@misc{latent2025bolt,
    author = {Latent Space},
    title = {Bolt: \$8M ARR Claude Wrapper},
    year = {2025},
    note = {Podcast and Blog},
    url = {https://www.latent.space/p/bolt},
}

@misc{krunal2025hype,
    author = {Krunal Patel},
    title = {Unwrapping the Hype: Drawbacks of Wrapper Startups},
    year = {2025},
    note = {Blog},
    url = {
           https://krunal.org/unwrapping-the-hype-the-drawbacks-of-wrapper-startups-in-ai-170f973040c6
           },
}

@misc{skooloflife2025dead,
    author = {Skool of Life},
    title = {99\% of AI Startups Will Be Dead by 2026—Here’s Why},
    year = {2025},
    note = {Medium},
    url = {
           https://skooloflife.medium.com/99-of-ai-startups-will-be-dead-by-2026-heres-why-bfc974edd968
           },
}

@misc{lumio2025,
    title = {Lumio AI},
    note = {Wikipedia entry},
    year = {2025},
    url = {https://en.wikipedia.org/wiki/Lumio_AI},
}

@article{narayanan2023snakeoil,
    author = {Arvind Narayanan and Sayash Kapoor},
    title = {AI Snake Oil},
    year = {2023},
    journal = {AI Snake Oil Blog},
    url = {https://aisnakeoil.substack.com},
}

@misc{wiggins2024hype,
    author = {Dion Wiggins},
    title = {The Real-Life AI Hype Curve},
    year = {2024},
    note = {LinkedIn},
    url = {
           https://www.linkedin.com/pulse/real-life-ai-hype-cycle-aka-burn-curve-dion-wiggins-wx4kc
           },
}

@misc{wsj2025steam,
    title = {The AI Revolution Is Already Losing Steam},
    year = {2025},
    note = {Wall Street Journal},
    url = {
           https://www.wsj.com/tech/ai/the-ai-revolution-is-already-losing-steam-a93478b1
           },
}

@misc{reddit2025wrapper,
    title = {Is Anyone Actually Making Something Which Is Not Just a Wrapper?},
    year = {2025},
    note = {Reddit /r/SaaS},
    url = {
           https://www.reddit.com/r/SaaS/comments/1hdbt3q/is_anyone_actually_making_something_which_is_not/
           },
}
