@article{techinasia_manus_singapore,
    author = {Tech in Asia},
    title = {Manus shifts HQ to Singapore, cuts China jobs},
    journal = {Tech in Asia},
    year = {2025},
    month = {Jul},
    day = {9},
    url = {
           https://www.techinasia.com/news/manus-shifts-hq-singapore-cuts-china-jobs
           },
    urldate = {2025-07-15},
}

@article{decoder_manus_geopolitical,
    author = {Bastian, Matthias},
    title = {The startup behind Manus AI shuts down its entire China team to
             reduce geopolitical risks},
    journal = {The Decoder},
    year = {2025},
    month = {Jul},
    day = {11},
    url = {
           https://the-decoder.com/the-startup-behind-manus-ai-shuts-down-its-entire-china-team-to-reduce-geopolitical-risks/
           },
    urldate = {2025-07-15},
}

@article{onlinecitizen_manus_relocates,
    author = {Yee Loon},
    title = {Manus AI relocates to Singapore and trims China workforce amid US
             chip export scrutiny},
    journal = {The Online Citizen},
    year = {2025},
    month = {Jul},
    day = {10},
    url = {
           https://www.theonlinecitizen.com/2025/07/10/manus-ai-relocates-to-singapore-and-trims-china-workforce-amid-us-chip-export-scrutiny/
           },
    urldate = {2025-07-15},
}

@misc{youtube_manus_withdrawal,
    author = {{Bloomberg Quicktake}},
    title = {Chinese AI Agent Startup Manus Shifts Headquarters To Singapore},
    year = {2025},
    url = { https://www.youtube.com/watch?v=dLBOqQwjEs8 },
    urldate = {2025-07-15},
}

@article{cna_manus_relocates,
    author = {{Channel NewsAsia}},
    title = {Chinese firm behind AI agent Manus relocates to Singapore amid US
             chip curbs},
    journal = {Channel NewsAsia},
    year = {2025},
    month = {Jul},
    url = {
           https://www.channelnewsasia.com/east-asia/chinese-firm-manus-ai-relocates-singapore-us-chip-curbs-nvidia-5229391
           },
    urldate = {2025-07-15},
}

@article{standard_manus_restructures,
    author = {{STAFF REPORTER}},
    title = {Chinese developer of Manus AI restructures amid layoff rumors},
    journal = {The Standard},
    year = {2025},
    month = {Jul},
    day = {9},
    url = {
           https://www.thestandard.com.hk/tech-and-startup/article/306349/Chinese-developer-of-Manus-AI-restructures-amid-layoff-rumors
           },
    urldate = {2025-07-15},
}

@article{citynews_manus_relocates,
    author = {Han Jing},
    title = {China's AI agent Manus relocates HQ to Singapore},
    journal = {City News Service},
    year = {2025},
    month = {Jul},
    day = {11},
    url = {
           https://www.citynewsservice.cn/news/China's-AI-agent-Manus-relocates-HQ-to-Singapore-7kr585dn
           },
    urldate = {2025-07-15},
}

@article{aibase_manus_changes,
    author = {{AIbase基地}},
    title = {Manus AI Official Website and Social Media Undergo Changes, Chinese
             Users May Be Affected},
    journal = {AIbase},
    year = {2025},
    month = {Jul},
    day = {11},
    url = { https://www.aibase.com/news/19629 },
    urldate = {2025-07-15},
}

@article{baytech_manus_guide,
    author = {{Baytech Consulting}},
    title = {Manus AI: An Analytical Guide to the Autonomous AI Agent 2025},
    journal = {Baytech Consulting Blog},
    year = {2025},
    month = {May},
    day = {23},
    url = {
           https://www.baytechconsulting.com/blog/manus-ai-an-analytical-guide-to-the-autonomous-ai-agent-2025
           },
    urldate = {2025-07-15},
}

@article{kiledjian_manus_promises,
    author = {{Insights For Success}},
    title = {Manus AI: China's Bold Step Forward—Promises and Challenges},
    journal = {Kiledjian.com},
    year = {2025},
    month = {Mar},
    day = {15},
    url = {
           https://www.kiledjian.com/main/2025/3/15/manus-ai-chinas-bold-step-forwardpromises-and-challenges
           },
    urldate = {2025-07-15},
}

@article{foxrothschild_us_investment,
    author = {{Fox Rothschild LLP}},
    title = {Investments in Chinese Technology Companies Limited by New US
             Outbound Investment Rule},
    journal = {Fox Rothschild LLP Publications},
    year = {2025},
    month = {Jan},
    day = {13},
    url = {
           https://www.foxrothschild.com/publications/investments-in-chinese-technology-companies-limited-by-new-us-outbound-investment-rule
           },
    urldate = {2025-07-15},
}

@article{akingump_us_regulations,
    author = {{Akin Gump Strauss Hauer \& Feld LLP}},
    title = {Final Regulations Issued by Treasury Restrict US Investment in
             Chinese Tech Sector},
    journal = {Akin Gump Data Dive},
    year = {2024},
    month = {Nov},
    day = {25},
    url = {
           https://www.akingump.com/en/insights/blogs/ag-data-dive/final-regulations-issued-by-treasury-restrict-us-investment-in-chinese-tech-sector
           },
    urldate = {2025-07-15},
}

@article{timesofindia_nvidia_china_chip,
    author = {{Times of India}},
    title = {Nvidia may release new AI chip designed specifically for China},
    journal = {Times of India},
    year = {2025},
    month = {Jul},
    day = {10},
    url = {
           https://timesofindia.indiatimes.com/technology/tech-news/nvidia-may-release-new-ai-chip-designed-specifically-for-china/articleshow/122366728.cms
           },
    urldate = {2025-07-15},
}

@article{ainvest_nvidia_balancing,
    author = {{AINVEST}},
    title = {NVIDIA's Balancing Act: Navigating China's AI Market Amid
             Geopolitical Crosscurrents},
    journal = {AINVEST News},
    year = {2025},
    month = {Jul},
    day = {14},
    url = {
           https://www.ainvest.com/news/nvidia-balancing-act-navigating-china-ai-market-geopolitical-crosscurrents-2507/
           },
    urldate = {2025-07-15},
}

@article{weforum_china_ai_breakthroughs,
    author = {{World Economic Forum}},
    title = {Why China's AI breakthroughs should come as no surprise},
    journal = {World Economic Forum},
    year = {2025},
    month = {Jun},
    day = {24},
    url = {
           https://www.weforum.org/stories/2025/06/china-ai-breakthroughs-no-surprise/
           },
    urldate = {2025-07-15},
}

@article{perplexity_china_hundred_models,
    author = {{Perplexity AI}},
    title = {China's War of a Hundred Models},
    journal = {Perplexity AI},
    year = {2025},
    % = Assuming,
    current = information,
    url = {
           https://www.perplexity.ai/page/china-s-war-of-a-hundred-model-DDDsuWBuRDylkUWBfOpOkQ
           },
    urldate = {2025-07-15},
}
